%% biblatex bibliography
@Article{Gehrels:2016,
  author    = {Neil Gehrels and John K. Cannizzo and Jonah Kanner and Mansi M.
               Kasliwal and Samaya Nissanke and Leo P. Singer},
  journal   = {The Astrophysical Journal},
  title     = {{GALAXY} {STRATEGY} {FOR} {LIGO}-{VIRGO} {GRAVITATIONAL} {WAVE}
               {COUNTERPART} {SEARCHES}},
  year      = {2016},
  month     = {mar},
  number    = {2},
  pages     = {136},
  volume    = {820},
  doi       = {10.3847/0004-637x/820/2/136},
  publisher = {American Astronomical Society}}

@Online{inkscape,
  author = {Inkscape Project},
  title = {Inkscape website},
  url = {https://inkscape.org/},
  urldate = {2022-07-17}}

@Online{gnuplot,
  title = {Gnuplot homepage},
  url = {http://www.gnuplot.info/},
  urldate = {2022-07-17}}

@software{thomashoullier/alarm-clock,
  author = {Houllier, Thomas},
  license = {CC-BY-4.0},
  month = {7},
  title = {{CAD modeling of an alarm clock using FreeCAD.}},
  url = {https://github.com/thomashoullier/alarm_clock},
  year = {2022}}

@Online{equationsheet,
  title = "Equation sheet",
  url = {https://www.equationsheet.com/},
  urldate = {2022-07-17}}

@Online{SO-latex-equations,
  title = {A collection of LaTeX equations?},
  url = {https://tex.stackexchange.com/q/119272/215752},
  urldate = {2022-07-17}}

@software{tjko/jpegoptim,
  author = {Kokkonen, Timo},
  license = {GPL-3.0},
  title = {jpegoptim},
  url = {https://github.com/tjko/jpegoptim}}

@software{fontawesome-latex,
  license = {LaTeX},
  title = {fontawesome},
  url = {https://ctan.org/pkg/fontawesome?lang=en},
  urldate = {2022-07-17}}

@misc{enwiki:euclid-algorithm,
    author = "{Wikipedia contributors}",
    title = "Euclidean algorithm --- {Wikipedia}{,} The Free Encyclopedia",
    year = "2022",
    url = "https://en.wikipedia.org/w/index.php?title=Euclidean_algorithm&oldid=1098314618",
    note = "[Online; accessed 17-July-2022]"}
